%YAML 1.1
%TAG !u! tag:unity3d.com,2011:
--- !u!1001 &100100000
Prefab:
  m_ObjectHideFlags: 1
  serializedVersion: 2
  m_Modification:
    m_TransformParent: {fileID: 0}
    m_Modifications: []
    m_RemovedComponents: []
  m_ParentPrefab: {fileID: 0}
  m_RootGameObject: {fileID: 1961593692790032}
  m_IsPrefabParent: 1
--- !u!1 &1378361567140960
GameObject:
  m_ObjectHideFlags: 0
  m_PrefabParentObject: {fileID: 0}
  m_PrefabInternal: {fileID: 100100000}
  serializedVersion: 5
  m_Component:
  - component: {fileID: 4917048264427894}
  - component: {fileID: 114246823978094530}
  m_Layer: 0
  m_Name: SpawningPoint (2)
  m_TagString: Untagged
  m_Icon: {fileID: 3443629218296621865, guid: 0000000000000000d000000000000000, type: 0}
  m_NavMeshLayer: 0
  m_StaticEditorFlags: 0
  m_IsActive: 1
--- !u!1 &1395337868837284
GameObject:
  m_ObjectHideFlags: 0
  m_PrefabParentObject: {fileID: 0}
  m_PrefabInternal: {fileID: 100100000}
  serializedVersion: 5
  m_Component:
  - component: {fileID: 4793775322758802}
  - component: {fileID: 114156502053403000}
  m_Layer: 0
  m_Name: SpawningPoint (7)
  m_TagString: Untagged
  m_Icon: {fileID: 3443629218296621865, guid: 0000000000000000d000000000000000, type: 0}
  m_NavMeshLayer: 0
  m_StaticEditorFlags: 0
  m_IsActive: 1
--- !u!1 &1438135429062450
GameObject:
  m_ObjectHideFlags: 0
  m_PrefabParentObject: {fileID: 0}
  m_PrefabInternal: {fileID: 100100000}
  serializedVersion: 5
  m_Component:
  - component: {fileID: 4437377005217414}
  - component: {fileID: 114112575510455742}
  m_Layer: 0
  m_Name: SpawningPoint (6)
  m_TagString: Untagged
  m_Icon: {fileID: 3443629218296621865, guid: 0000000000000000d000000000000000, type: 0}
  m_NavMeshLayer: 0
  m_StaticEditorFlags: 0
  m_IsActive: 1
--- !u!1 &1443790873576376
GameObject:
  m_ObjectHideFlags: 0
  m_PrefabParentObject: {fileID: 0}
  m_PrefabInternal: {fileID: 100100000}
  serializedVersion: 5
  m_Component:
  - component: {fileID: 4785527393098090}
  - component: {fileID: 114133518856147372}
  m_Layer: 0
  m_Name: SpawningPoint
  m_TagString: Untagged
  m_Icon: {fileID: 3443629218296621865, guid: 0000000000000000d000000000000000, type: 0}
  m_NavMeshLayer: 0
  m_StaticEditorFlags: 0
  m_IsActive: 1
--- !u!1 &1507481556716416
GameObject:
  m_ObjectHideFlags: 0
  m_PrefabParentObject: {fileID: 0}
  m_PrefabInternal: {fileID: 100100000}
  serializedVersion: 5
  m_Component:
  - component: {fileID: 4503242192038934}
  - component: {fileID: 114871412631359884}
  m_Layer: 0
  m_Name: SpawningPoint (1)
  m_TagString: Untagged
  m_Icon: {fileID: 3443629218296621865, guid: 0000000000000000d000000000000000, type: 0}
  m_NavMeshLayer: 0
  m_StaticEditorFlags: 0
  m_IsActive: 1
--- !u!1 &1512574942173098
GameObject:
  m_ObjectHideFlags: 0
  m_PrefabParentObject: {fileID: 0}
  m_PrefabInternal: {fileID: 100100000}
  serializedVersion: 5
  m_Component:
  - component: {fileID: 4017161627185482}
  - component: {fileID: 114216595978414078}
  m_Layer: 0
  m_Name: SpawningPoint (4)
  m_TagString: Untagged
  m_Icon: {fileID: 3443629218296621865, guid: 0000000000000000d000000000000000, type: 0}
  m_NavMeshLayer: 0
  m_StaticEditorFlags: 0
  m_IsActive: 1
--- !u!1 &1648228652123730
GameObject:
  m_ObjectHideFlags: 0
  m_PrefabParentObject: {fileID: 0}
  m_PrefabInternal: {fileID: 100100000}
  serializedVersion: 5
  m_Component:
  - component: {fileID: 4859280898749882}
  - component: {fileID: 114321781086162534}
  m_Layer: 0
  m_Name: SpawningPoint (11)
  m_TagString: Untagged
  m_Icon: {fileID: 3443629218296621865, guid: 0000000000000000d000000000000000, type: 0}
  m_NavMeshLayer: 0
  m_StaticEditorFlags: 0
  m_IsActive: 1
--- !u!1 &1656973700448860
GameObject:
  m_ObjectHideFlags: 0
  m_PrefabParentObject: {fileID: 0}
  m_PrefabInternal: {fileID: 100100000}
  serializedVersion: 5
  m_Component:
  - component: {fileID: 4724161640077688}
  - component: {fileID: 114939113589949944}
  m_Layer: 0
  m_Name: SpawningPoint (10)
  m_TagString: Untagged
  m_Icon: {fileID: 3443629218296621865, guid: 0000000000000000d000000000000000, type: 0}
  m_NavMeshLayer: 0
  m_StaticEditorFlags: 0
  m_IsActive: 1
--- !u!1 &1678484343386168
GameObject:
  m_ObjectHideFlags: 0
  m_PrefabParentObject: {fileID: 0}
  m_PrefabInternal: {fileID: 100100000}
  serializedVersion: 5
  m_Component:
  - component: {fileID: 4765406311253266}
  - component: {fileID: 114054659939606578}
  m_Layer: 0
  m_Name: SpawningPoint (5)
  m_TagString: Untagged
  m_Icon: {fileID: 3443629218296621865, guid: 0000000000000000d000000000000000, type: 0}
  m_NavMeshLayer: 0
  m_StaticEditorFlags: 0
  m_IsActive: 1
--- !u!1 &1736949210785344
GameObject:
  m_ObjectHideFlags: 0
  m_PrefabParentObject: {fileID: 0}
  m_PrefabInternal: {fileID: 100100000}
  serializedVersion: 5
  m_Component:
  - component: {fileID: 4116924428846542}
  - component: {fileID: 114025191559160632}
  m_Layer: 0
  m_Name: SpawningPoint (9)
  m_TagString: Untagged
  m_Icon: {fileID: 3443629218296621865, guid: 0000000000000000d000000000000000, type: 0}
  m_NavMeshLayer: 0
  m_StaticEditorFlags: 0
  m_IsActive: 1
--- !u!1 &1762159071956228
GameObject:
  m_ObjectHideFlags: 0
  m_PrefabParentObject: {fileID: 0}
  m_PrefabInternal: {fileID: 100100000}
  serializedVersion: 5
  m_Component:
  - component: {fileID: 4569254746962636}
  - component: {fileID: 114244342524960500}
  m_Layer: 0
  m_Name: SpawningPoint (8)
  m_TagString: Untagged
  m_Icon: {fileID: 3443629218296621865, guid: 0000000000000000d000000000000000, type: 0}
  m_NavMeshLayer: 0
  m_StaticEditorFlags: 0
  m_IsActive: 1
--- !u!1 &1873535854573906
GameObject:
  m_ObjectHideFlags: 0
  m_PrefabParentObject: {fileID: 0}
  m_PrefabInternal: {fileID: 100100000}
  serializedVersion: 5
  m_Component:
  - component: {fileID: 4920911242031236}
  - component: {fileID: 114238815174034044}
  m_Layer: 0
  m_Name: SpawningPoint (3)
  m_TagString: Untagged
  m_Icon: {fileID: 3443629218296621865, guid: 0000000000000000d000000000000000, type: 0}
  m_NavMeshLayer: 0
  m_StaticEditorFlags: 0
  m_IsActive: 1
--- !u!1 &1961593692790032
GameObject:
  m_ObjectHideFlags: 0
  m_PrefabParentObject: {fileID: 0}
  m_PrefabInternal: {fileID: 100100000}
  serializedVersion: 5
  m_Component:
  - component: {fileID: 4172558725544758}
  - component: {fileID: 212524739145792984}
  - component: {fileID: 114315654541145344}
  - component: {fileID: 50255789619396754}
  - component: {fileID: 60619452925653646}
  - component: {fileID: 95634723753932050}
  - component: {fileID: 114118030315621634}
  m_Layer: 0
  m_Name: BasicShipPlaceholder
  m_TagString: Player
  m_Icon: {fileID: 0}
  m_NavMeshLayer: 0
  m_StaticEditorFlags: 0
  m_IsActive: 1
--- !u!4 &4017161627185482
Transform:
  m_ObjectHideFlags: 1
  m_PrefabParentObject: {fileID: 0}
  m_PrefabInternal: {fileID: 100100000}
  m_GameObject: {fileID: 1512574942173098}
  m_LocalRotation: {x: -0, y: -0, z: -0, w: 1}
  m_LocalPosition: {x: -311.4, y: 139.5, z: 0}
  m_LocalScale: {x: 1, y: 1, z: 1}
  m_Children: []
  m_Father: {fileID: 4172558725544758}
  m_RootOrder: 4
  m_LocalEulerAnglesHint: {x: 0, y: 0, z: 0}
--- !u!4 &4116924428846542
Transform:
  m_ObjectHideFlags: 1
  m_PrefabParentObject: {fileID: 0}
  m_PrefabInternal: {fileID: 100100000}
  m_GameObject: {fileID: 1736949210785344}
  m_LocalRotation: {x: -0, y: -0, z: -0.70710707, w: 0.70710653}
  m_LocalPosition: {x: 2.5004668, y: 310.99997, z: 0}
  m_LocalScale: {x: 1, y: 1, z: 1}
  m_Children: []
  m_Father: {fileID: 4172558725544758}
  m_RootOrder: 9
  m_LocalEulerAnglesHint: {x: 0, y: 0, z: -90.00001}
--- !u!4 &4172558725544758
Transform:
  m_ObjectHideFlags: 1
  m_PrefabParentObject: {fileID: 0}
  m_PrefabInternal: {fileID: 100100000}
  m_GameObject: {fileID: 1961593692790032}
  m_LocalRotation: {x: 0, y: 0, z: 0, w: 1}
  m_LocalPosition: {x: 0, y: 0, z: -3}
  m_LocalScale: {x: 0.1, y: 0.1, z: 0.1}
  m_Children:
  - {fileID: 4785527393098090}
  - {fileID: 4503242192038934}
  - {fileID: 4917048264427894}
  - {fileID: 4920911242031236}
  - {fileID: 4017161627185482}
  - {fileID: 4765406311253266}
  - {fileID: 4437377005217414}
  - {fileID: 4793775322758802}
  - {fileID: 4569254746962636}
  - {fileID: 4116924428846542}
  - {fileID: 4724161640077688}
  - {fileID: 4859280898749882}
  m_Father: {fileID: 0}
  m_RootOrder: 0
  m_LocalEulerAnglesHint: {x: 0, y: 0, z: 0}
--- !u!4 &4437377005217414
Transform:
  m_ObjectHideFlags: 1
  m_PrefabParentObject: {fileID: 0}
  m_PrefabInternal: {fileID: 100100000}
  m_GameObject: {fileID: 1438135429062450}
  m_LocalRotation: {x: -0, y: -0, z: -0.70710707, w: 0.70710653}
  m_LocalPosition: {x: 2.499601, y: -313.90002, z: 0}
  m_LocalScale: {x: 1, y: 1, z: 1}
  m_Children: []
  m_Father: {fileID: 4172558725544758}
  m_RootOrder: 6
  m_LocalEulerAnglesHint: {x: 0, y: 0, z: -90.00001}
--- !u!4 &4503242192038934
Transform:
  m_ObjectHideFlags: 1
  m_PrefabParentObject: {fileID: 0}
  m_PrefabInternal: {fileID: 100100000}
  m_GameObject: {fileID: 1507481556716416}
  m_LocalRotation: {x: -0, y: -0, z: -0, w: 1}
  m_LocalPosition: {x: 313.5, y: 139.5, z: 0}
  m_LocalScale: {x: 1, y: 1, z: 1}
  m_Children: []
  m_Father: {fileID: 4172558725544758}
  m_RootOrder: 1
  m_LocalEulerAnglesHint: {x: 0, y: 0, z: 0}
--- !u!4 &4569254746962636
Transform:
  m_ObjectHideFlags: 1
  m_PrefabParentObject: {fileID: 0}
  m_PrefabInternal: {fileID: 100100000}
  m_GameObject: {fileID: 1762159071956228}
  m_LocalRotation: {x: -0, y: -0, z: -0.70710707, w: 0.70710653}
  m_LocalPosition: {x: -139.90039, y: -313.8998, z: 0}
  m_LocalScale: {x: 1, y: 1, z: 1}
  m_Children: []
  m_Father: {fileID: 4172558725544758}
  m_RootOrder: 8
  m_LocalEulerAnglesHint: {x: 0, y: 0, z: -90.00001}
--- !u!4 &4724161640077688
Transform:
  m_ObjectHideFlags: 1
  m_PrefabParentObject: {fileID: 0}
  m_PrefabInternal: {fileID: 100100000}
  m_GameObject: {fileID: 1656973700448860}
  m_LocalRotation: {x: -0, y: -0, z: -0.70710707, w: 0.70710653}
  m_LocalPosition: {x: 142.00046, y: 310.9998, z: 0}
  m_LocalScale: {x: 1, y: 1, z: 1}
  m_Children: []
  m_Father: {fileID: 4172558725544758}
  m_RootOrder: 10
  m_LocalEulerAnglesHint: {x: 0, y: 0, z: -90.00001}
--- !u!4 &4765406311253266
Transform:
  m_ObjectHideFlags: 1
  m_PrefabParentObject: {fileID: 0}
  m_PrefabInternal: {fileID: 100100000}
  m_GameObject: {fileID: 1678484343386168}
  m_LocalRotation: {x: -0, y: -0, z: -0, w: 1}
  m_LocalPosition: {x: -311.39996, y: -142.4, z: 0}
  m_LocalScale: {x: 1, y: 1, z: 1}
  m_Children: []
  m_Father: {fileID: 4172558725544758}
  m_RootOrder: 5
  m_LocalEulerAnglesHint: {x: 0, y: 0, z: 0}
--- !u!4 &4785527393098090
Transform:
  m_ObjectHideFlags: 1
  m_PrefabParentObject: {fileID: 0}
  m_PrefabInternal: {fileID: 100100000}
  m_GameObject: {fileID: 1443790873576376}
  m_LocalRotation: {x: -0, y: -0, z: -0, w: 1}
  m_LocalPosition: {x: 313.5, y: 0, z: 0}
  m_LocalScale: {x: 1, y: 1, z: 1}
  m_Children: []
  m_Father: {fileID: 4172558725544758}
  m_RootOrder: 0
  m_LocalEulerAnglesHint: {x: 0, y: 0, z: 0}
--- !u!4 &4793775322758802
Transform:
  m_ObjectHideFlags: 1
  m_PrefabParentObject: {fileID: 0}
  m_PrefabInternal: {fileID: 100100000}
  m_GameObject: {fileID: 1395337868837284}
  m_LocalRotation: {x: -0, y: -0, z: -0.70710707, w: 0.70710653}
  m_LocalPosition: {x: 141.99957, y: -313.9002, z: 0}
  m_LocalScale: {x: 1, y: 1, z: 1}
  m_Children: []
  m_Father: {fileID: 4172558725544758}
  m_RootOrder: 7
  m_LocalEulerAnglesHint: {x: 0, y: 0, z: -90.00001}
--- !u!4 &4859280898749882
Transform:
  m_ObjectHideFlags: 1
  m_PrefabParentObject: {fileID: 0}
  m_PrefabInternal: {fileID: 100100000}
  m_GameObject: {fileID: 1648228652123730}
  m_LocalRotation: {x: -0, y: -0, z: -0.70710707, w: 0.70710653}
  m_LocalPosition: {x: -139.89954, y: 311.00015, z: 0}
  m_LocalScale: {x: 1, y: 1, z: 1}
  m_Children: []
  m_Father: {fileID: 4172558725544758}
  m_RootOrder: 11
  m_LocalEulerAnglesHint: {x: 0, y: 0, z: -90.00001}
--- !u!4 &4917048264427894
Transform:
  m_ObjectHideFlags: 1
  m_PrefabParentObject: {fileID: 0}
  m_PrefabInternal: {fileID: 100100000}
  m_GameObject: {fileID: 1378361567140960}
  m_LocalRotation: {x: -0, y: -0, z: -0, w: 1}
  m_LocalPosition: {x: 313.5, y: -142.4, z: 0}
  m_LocalScale: {x: 1, y: 1, z: 1}
  m_Children: []
  m_Father: {fileID: 4172558725544758}
  m_RootOrder: 2
  m_LocalEulerAnglesHint: {x: 0, y: 0, z: 0}
--- !u!4 &4920911242031236
Transform:
  m_ObjectHideFlags: 1
  m_PrefabParentObject: {fileID: 0}
  m_PrefabInternal: {fileID: 100100000}
  m_GameObject: {fileID: 1873535854573906}
  m_LocalRotation: {x: -0, y: -0, z: -0, w: 1}
  m_LocalPosition: {x: -311.39996, y: 0, z: 0}
  m_LocalScale: {x: 1, y: 1, z: 1}
  m_Children: []
  m_Father: {fileID: 4172558725544758}
  m_RootOrder: 3
  m_LocalEulerAnglesHint: {x: 0, y: 0, z: 0}
--- !u!50 &50255789619396754
Rigidbody2D:
  serializedVersion: 4
  m_ObjectHideFlags: 1
  m_PrefabParentObject: {fileID: 0}
  m_PrefabInternal: {fileID: 100100000}
  m_GameObject: {fileID: 1961593692790032}
  m_BodyType: 0
  m_Simulated: 1
  m_UseFullKinematicContacts: 0
  m_UseAutoMass: 0
  m_Mass: 1
  m_LinearDrag: 1
  m_AngularDrag: 2
  m_GravityScale: 0
  m_Material: {fileID: 0}
  m_Interpolate: 0
  m_SleepingMode: 1
  m_CollisionDetection: 0
  m_Constraints: 0
--- !u!60 &60619452925653646
PolygonCollider2D:
  m_ObjectHideFlags: 1
  m_PrefabParentObject: {fileID: 0}
  m_PrefabInternal: {fileID: 100100000}
  m_GameObject: {fileID: 1961593692790032}
  m_Enabled: 1
  m_Density: 1
  m_Material: {fileID: 0}
  m_IsTrigger: 0
  m_UsedByEffector: 0
  m_UsedByComposite: 0
  m_Offset: {x: 0, y: 0}
  m_SpriteTilingProperty:
    border: {x: 0, y: 0, z: 0, w: 0}
    pivot: {x: 0.5, y: 0.5}
    oldSize: {x: 10.19, y: 7.98}
    newSize: {x: 1, y: 1}
    adaptiveTilingThreshold: 0.5
    drawMode: 0
    adaptiveTiling: 0
  m_AutoTiling: 0
  m_Points:
    m_Paths:
    - - {x: -1.925, y: -3.99}
      - {x: -1.935, y: -3.9599998}
      - {x: -1.9749999, y: -3.9599998}
      - {x: -1.985, y: -3.99}
    - - {x: -2.325, y: -3.9499998}
      - {x: -2.315, y: -3.98}
      - {x: -2.2849998, y: -3.99}
      - {x: -2.2549999, y: -3.99}
      - {x: -2.245, y: -3.97}
      - {x: -2.2549999, y: -3.9399998}
      - {x: -2.305, y: -3.9299998}
    - - {x: 0.995, y: -3.9099998}
      - {x: 1.3349999, y: -3.8899999}
      - {x: 1.5849999, y: -3.87}
      - {x: 1.805, y: -3.85}
      - {x: 2.0049999, y: -3.83}
      - {x: 2.0249999, y: -3.85}
      - {x: 2.115, y: -3.86}
      - {x: 2.185, y: -3.81}
      - {x: 2.385, y: -3.78}
      - {x: 2.5249999, y: -3.72}
      - {x: 2.605, y: -3.62}
      - {x: 2.585, y: -3.37}
      - {x: 2.575, y: -3.28}
      - {x: 2.5549998, y: -3.07}
      - {x: 2.585, y: -3.02}
      - {x: 2.645, y: -2.8899999}
      - {x: 2.7649999, y: -2.77}
      - {x: 2.855, y: -2.71}
      - {x: 2.975, y: -2.6499999}
      - {x: 3.115, y: -2.6299999}
      - {x: 3.375, y: -2.58}
      - {x: 3.745, y: -2.54}
      - {x: 3.885, y: -2.53}
      - {x: 4.085, y: -2.52}
      - {x: 4.095, y: -2.51}
      - {x: 4.645, y: -2.51}
      - {x: 4.6549997, y: -2.52}
      - {x: 4.855, y: -2.54}
      - {x: 5.095, y: -2.54}
      - {x: 5.095, y: -2.44}
      - {x: 5.075, y: -2.3999999}
      - {x: 4.9049997, y: -2}
      - {x: 4.765, y: -1.7199999}
      - {x: 4.645, y: -1.49}
      - {x: 4.475, y: -1.17}
      - {x: 4.365, y: -0.96999997}
      - {x: 4.285, y: -0.83}
      - {x: 4.115, y: -0.55}
      - {x: 3.875, y: -0.19999999}
      - {x: 3.7549999, y: -0.049999997}
      - {x: 3.5649998, y: 0.22999999}
      - {x: 3.405, y: 0.42999998}
      - {x: 3.355, y: 0.52}
      - {x: 3.195, y: 0.75}
      - {x: 3.095, y: 0.87}
      - {x: 2.905, y: 1.05}
      - {x: 2.875, y: 1.05}
      - {x: 2.745, y: 1.03}
      - {x: 2.615, y: 1}
      - {x: 2.445, y: 1.16}
      - {x: 2.315, y: 1.3299999}
      - {x: 2.155, y: 1.55}
      - {x: 2.065, y: 1.6899999}
      - {x: 1.905, y: 2.01}
      - {x: 1.755, y: 2.28}
      - {x: 1.675, y: 2.4199998}
      - {x: 1.4549999, y: 2.79}
      - {x: 1.175, y: 3.27}
      - {x: 0.98499995, y: 3.62}
      - {x: 0.905, y: 3.74}
      - {x: 0.78499997, y: 3.97}
      - {x: 0.73499995, y: 3.99}
      - {x: -0.73499995, y: 3.99}
      - {x: -0.775, y: 3.9499998}
      - {x: -0.885, y: 3.73}
      - {x: -0.97499996, y: 3.57}
      - {x: -1.055, y: 3.4199998}
      - {x: -1.285, y: 3.04}
      - {x: -1.405, y: 2.86}
      - {x: -1.475, y: 2.72}
      - {x: -1.6949999, y: 2.35}
      - {x: -1.9549999, y: 1.8299999}
      - {x: -1.9749999, y: 1.81}
      - {x: -2.0149999, y: 1.75}
      - {x: -2.135, y: 1.53}
      - {x: -2.225, y: 1.41}
      - {x: -2.2549999, y: 1.35}
      - {x: -2.485, y: 1.17}
      - {x: -2.575, y: 1.1}
      - {x: -2.695, y: 1.03}
      - {x: -2.7749999, y: 0.97999996}
      - {x: -2.885, y: 1}
      - {x: -3.0549998, y: 0.83}
      - {x: -3.3249998, y: 0.48}
      - {x: -3.595, y: 0.14}
      - {x: -3.8349998, y: -0.17}
      - {x: -3.995, y: -0.38}
      - {x: -4.165, y: -0.64}
      - {x: -4.325, y: -0.90999997}
      - {x: -4.475, y: -1.18}
      - {x: -4.6549997, y: -1.52}
      - {x: -4.775, y: -1.75}
      - {x: -4.9649997, y: -2.1399999}
      - {x: -5.095, y: -2.45}
      - {x: -5.095, y: -2.55}
      - {x: -4.995, y: -2.55}
      - {x: -4.855, y: -2.54}
      - {x: -4.6549997, y: -2.53}
      - {x: -4.645, y: -2.52}
      - {x: -4.095, y: -2.52}
      - {x: -4.085, y: -2.53}
      - {x: -3.885, y: -2.54}
      - {x: -3.5349998, y: -2.57}
      - {x: -3.165, y: -2.62}
      - {x: -2.885, y: -2.6699998}
      - {x: -2.7549999, y: -2.69}
      - {x: -2.645, y: -2.78}
      - {x: -2.5449998, y: -3}
      - {x: -2.585, y: -3.36}
      - {x: -2.595, y: -3.62}
      - {x: -2.585, y: -3.6799998}
      - {x: -2.475, y: -3.75}
      - {x: -2.415, y: -3.77}
      - {x: -2.235, y: -3.81}
      - {x: -2.0149999, y: -3.84}
      - {x: -1.8449999, y: -3.86}
      - {x: -1.7049999, y: -3.8899999}
      - {x: -1.435, y: -3.8999999}
      - {x: -1.2049999, y: -3.9099998}
      - {x: -1.035, y: -3.9199998}
      - {x: -0.745, y: -3.9299998}
      - {x: -0.13499999, y: -3.9299998}
      - {x: -0.125, y: -3.9399998}
      - {x: -0.055, y: -3.9599998}
      - {x: 0.13499999, y: -3.9599998}
      - {x: 0.275, y: -3.9399998}
      - {x: 0.435, y: -3.9299998}
      - {x: 0.755, y: -3.9199998}
--- !u!95 &95634723753932050
Animator:
  serializedVersion: 3
  m_ObjectHideFlags: 1
  m_PrefabParentObject: {fileID: 0}
  m_PrefabInternal: {fileID: 100100000}
  m_GameObject: {fileID: 1961593692790032}
  m_Enabled: 1
  m_Avatar: {fileID: 0}
  m_Controller: {fileID: 9100000, guid: fc750fbe8e4548d4aa4b6c425f8850b9, type: 2}
  m_CullingMode: 0
  m_UpdateMode: 0
  m_ApplyRootMotion: 0
  m_LinearVelocityBlending: 0
  m_WarningMessage: 
  m_HasTransformHierarchy: 1
  m_AllowConstantClipSamplingOptimization: 1
  m_KeepAnimatorControllerStateOnDisable: 0
--- !u!114 &114025191559160632
MonoBehaviour:
  m_ObjectHideFlags: 1
  m_PrefabParentObject: {fileID: 0}
  m_PrefabInternal: {fileID: 100100000}
  m_GameObject: {fileID: 1736949210785344}
  m_Enabled: 1
  m_EditorHideFlags: 0
  m_Script: {fileID: 11500000, guid: aefe52a7ed955bd4591b68ad2927c8dd, type: 3}
  m_Name: 
  m_EditorClassIdentifier: 
--- !u!114 &114054659939606578
MonoBehaviour:
  m_ObjectHideFlags: 1
  m_PrefabParentObject: {fileID: 0}
  m_PrefabInternal: {fileID: 100100000}
  m_GameObject: {fileID: 1678484343386168}
  m_Enabled: 1
  m_EditorHideFlags: 0
  m_Script: {fileID: 11500000, guid: aefe52a7ed955bd4591b68ad2927c8dd, type: 3}
  m_Name: 
  m_EditorClassIdentifier: 
--- !u!114 &114112575510455742
MonoBehaviour:
  m_ObjectHideFlags: 1
  m_PrefabParentObject: {fileID: 0}
  m_PrefabInternal: {fileID: 100100000}
  m_GameObject: {fileID: 1438135429062450}
  m_Enabled: 1
  m_EditorHideFlags: 0
  m_Script: {fileID: 11500000, guid: aefe52a7ed955bd4591b68ad2927c8dd, type: 3}
  m_Name: 
  m_EditorClassIdentifier: 
--- !u!114 &114118030315621634
MonoBehaviour:
  m_ObjectHideFlags: 1
  m_PrefabParentObject: {fileID: 0}
  m_PrefabInternal: {fileID: 100100000}
  m_GameObject: {fileID: 1961593692790032}
  m_Enabled: 1
  m_EditorHideFlags: 0
  m_Script: {fileID: 11500000, guid: b1e293a34a92fc749a9eec48b27be921, type: 3}
  m_Name: 
  m_EditorClassIdentifier: 
  NumOfVerticies: 0
  net: {fileID: 1120659825981060, guid: b2d841506ea06f842951c0759c4b46f0, type: 2}
  lr: {fileID: 0}
  Line: {fileID: 1663222590063508, guid: 83b83767223f8894889b0ab1b0fc1cd6, type: 2}
--- !u!114 &114133518856147372
MonoBehaviour:
  m_ObjectHideFlags: 1
  m_PrefabParentObject: {fileID: 0}
  m_PrefabInternal: {fileID: 100100000}
  m_GameObject: {fileID: 1443790873576376}
  m_Enabled: 1
  m_EditorHideFlags: 0
  m_Script: {fileID: 11500000, guid: aefe52a7ed955bd4591b68ad2927c8dd, type: 3}
  m_Name: 
  m_EditorClassIdentifier: 
--- !u!114 &114156502053403000
MonoBehaviour:
  m_ObjectHideFlags: 1
  m_PrefabParentObject: {fileID: 0}
  m_PrefabInternal: {fileID: 100100000}
  m_GameObject: {fileID: 1395337868837284}
  m_Enabled: 1
  m_EditorHideFlags: 0
  m_Script: {fileID: 11500000, guid: aefe52a7ed955bd4591b68ad2927c8dd, type: 3}
  m_Name: 
  m_EditorClassIdentifier: 
--- !u!114 &114216595978414078
MonoBehaviour:
  m_ObjectHideFlags: 1
  m_PrefabParentObject: {fileID: 0}
  m_PrefabInternal: {fileID: 100100000}
  m_GameObject: {fileID: 1512574942173098}
  m_Enabled: 1
  m_EditorHideFlags: 0
  m_Script: {fileID: 11500000, guid: aefe52a7ed955bd4591b68ad2927c8dd, type: 3}
  m_Name: 
  m_EditorClassIdentifier: 
--- !u!114 &114238815174034044
MonoBehaviour:
  m_ObjectHideFlags: 1
  m_PrefabParentObject: {fileID: 0}
  m_PrefabInternal: {fileID: 100100000}
  m_GameObject: {fileID: 1873535854573906}
  m_Enabled: 1
  m_EditorHideFlags: 0
  m_Script: {fileID: 11500000, guid: aefe52a7ed955bd4591b68ad2927c8dd, type: 3}
  m_Name: 
  m_EditorClassIdentifier: 
--- !u!114 &114244342524960500
MonoBehaviour:
  m_ObjectHideFlags: 1
  m_PrefabParentObject: {fileID: 0}
  m_PrefabInternal: {fileID: 100100000}
  m_GameObject: {fileID: 1762159071956228}
  m_Enabled: 1
  m_EditorHideFlags: 0
  m_Script: {fileID: 11500000, guid: aefe52a7ed955bd4591b68ad2927c8dd, type: 3}
  m_Name: 
  m_EditorClassIdentifier: 
--- !u!114 &114246823978094530
MonoBehaviour:
  m_ObjectHideFlags: 1
  m_PrefabParentObject: {fileID: 0}
  m_PrefabInternal: {fileID: 100100000}
  m_GameObject: {fileID: 1378361567140960}
  m_Enabled: 1
  m_EditorHideFlags: 0
  m_Script: {fileID: 11500000, guid: aefe52a7ed955bd4591b68ad2927c8dd, type: 3}
  m_Name: 
  m_EditorClassIdentifier: 
--- !u!114 &114315654541145344
MonoBehaviour:
  m_ObjectHideFlags: 1
  m_PrefabParentObject: {fileID: 0}
  m_PrefabInternal: {fileID: 100100000}
  m_GameObject: {fileID: 1961593692790032}
  m_Enabled: 1
  m_EditorHideFlags: 0
  m_Script: {fileID: 11500000, guid: 85dee2f21e7dbdf479b7b9732ede75e2, type: 3}
  m_Name: 
  m_EditorClassIdentifier: 
  moveSpeed: 1100
  rotateSpeed: 200
  rb: {fileID: 0}
  tf: {fileID: 0}
  anim: {fileID: 0}
  isMoving: 0
--- !u!114 &114321781086162534
MonoBehaviour:
  m_ObjectHideFlags: 1
  m_PrefabParentObject: {fileID: 0}
  m_PrefabInternal: {fileID: 100100000}
  m_GameObject: {fileID: 1648228652123730}
  m_Enabled: 1
  m_EditorHideFlags: 0
  m_Script: {fileID: 11500000, guid: aefe52a7ed955bd4591b68ad2927c8dd, type: 3}
  m_Name: 
  m_EditorClassIdentifier: 
--- !u!114 &114871412631359884
MonoBehaviour:
  m_ObjectHideFlags: 1
  m_PrefabParentObject: {fileID: 0}
  m_PrefabInternal: {fileID: 100100000}
  m_GameObject: {fileID: 1507481556716416}
  m_Enabled: 1
  m_EditorHideFlags: 0
  m_Script: {fileID: 11500000, guid: aefe52a7ed955bd4591b68ad2927c8dd, type: 3}
  m_Name: 
  m_EditorClassIdentifier: 
--- !u!114 &114939113589949944
MonoBehaviour:
  m_ObjectHideFlags: 1
  m_PrefabParentObject: {fileID: 0}
  m_PrefabInternal: {fileID: 100100000}
  m_GameObject: {fileID: 1656973700448860}
  m_Enabled: 1
  m_EditorHideFlags: 0
  m_Script: {fileID: 11500000, guid: aefe52a7ed955bd4591b68ad2927c8dd, type: 3}
  m_Name: 
  m_EditorClassIdentifier: 
--- !u!212 &212524739145792984
SpriteRenderer:
  m_ObjectHideFlags: 1
  m_PrefabParentObject: {fileID: 0}
  m_PrefabInternal: {fileID: 100100000}
  m_GameObject: {fileID: 1961593692790032}
  m_Enabled: 1
  m_CastShadows: 0
  m_ReceiveShadows: 0
  m_DynamicOccludee: 1
  m_MotionVectors: 1
  m_LightProbeUsage: 1
  m_ReflectionProbeUsage: 1
  m_RenderingLayerMask: 4294967295
  m_Materials:
  - {fileID: 10754, guid: 0000000000000000f000000000000000, type: 0}
  m_StaticBatchInfo:
    firstSubMesh: 0
    subMeshCount: 0
  m_StaticBatchRoot: {fileID: 0}
  m_ProbeAnchor: {fileID: 0}
  m_LightProbeVolumeOverride: {fileID: 0}
  m_ScaleInLightmap: 1
  m_PreserveUVs: 0
  m_IgnoreNormalsForChartDetection: 0
  m_ImportantGI: 0
  m_StitchLightmapSeams: 0
  m_SelectedEditorRenderState: 0
  m_MinimumChartSize: 4
  m_AutoUVMaxDistance: 0.5
  m_AutoUVMaxAngle: 89
  m_LightmapParameters: {fileID: 0}
  m_SortingLayerID: 0
  m_SortingLayer: 0
  m_SortingOrder: 0
  m_Sprite: {fileID: 21300000, guid: 065167c19dfbae6459374f7a7eff5f4e, type: 3}
  m_Color: {r: 1, g: 1, b: 1, a: 1}
  m_FlipX: 0
  m_FlipY: 0
  m_DrawMode: 0
  m_Size: {x: 1, y: 1}
  m_AdaptiveModeThreshold: 0.5
  m_SpriteTileMode: 0
  m_WasSpriteAssigned: 1
  m_MaskInteraction: 0
